@book{Akgul:ZEROMQ,
	author = {Akgul, Faruk},
	title = {ZeroMQ},
	year = {2013},
	isbn = {178216104X, 9781782161042},
	publisher = {Packt Publishing},
} 

@inproceedings{du2017deeplog,
  title={DeepLog: Anomaly Detection and Diagnosis from System Logs through Deep 
  Learning},
  author={Du, Min and Li, Feifei and Zheng, Guineng and Srikumar, Vivek},
  booktitle={Proceedings of the 2017 ACM SIGSAC Conference on Computer and 
  Communications Security},
  pages={1285--1298},
  year={2017},
  organization={ACM}
}

@article{malhotra2016lstm,
	title={LSTM-based encoder-decoder for multi-sensor anomaly detection},
	author={Malhotra, Pankaj and Ramakrishnan, Anusha and Anand, Gaurangi and 
	Vig, Lovekesh and Agarwal, Puneet and Shroff, Gautam},
	journal={arXiv preprint arXiv:1607.00148},
	year={2016}
}

@inproceedings{yang2016hierarchical,
	title={Hierarchical attention networks for document classification},
	author={Yang, Zichao and Yang, Diyi and Dyer, Chris and He, Xiaodong and 
	Smola, Alex and Hovy, Eduard},
	booktitle={Proceedings of the 2016 Conference of the North American Chapter 
	of the Association for Computational Linguistics: Human Language 
	Technologies},
	pages={1480--1489},
	year={2016}
}

@article{mikolov2013efficient,
	title={Efficient estimation of word representations in vector space},
	author={Mikolov, Tomas and Chen, Kai and Corrado, Greg and Dean, Jeffrey},
	journal={In Proceedings of Workshop at ICLR},
	year={2013}
}

@inproceedings{sutskever2014sequence,
	title={Sequence to sequence learning with neural networks},
	author={Sutskever, Ilya and Vinyals, Oriol and Le, Quoc V},
	booktitle={Advances in neural information processing systems},
	pages={3104--3112},
	year={2014}
}

@inproceedings{malhotra2015long,
	title={Long short term memory networks for anomaly detection in time 
	series},
	author={Malhotra, Pankaj and Vig, Lovekesh and Shroff, Gautam and Agarwal, 
	Puneet},
	booktitle={Proceedings},
	pages={89},
	year={2015},
	organization={Presses universitaires de Louvain}
}

@article{xu2009largescale,
	title={Largescale system problem detection by mining console logs},
	author={Xu, Wei and Huang, Ling and Fox, Armando and Patterson, David and 
	Jordan, Michael},
	journal={Proceedings of SOSPâ€™09},
	year={2009}
}

@inproceedings{salton2017attentive,
	title={Attentive Language Models},
	author={Salton, Giancarlo and Ross, Robert and Kelleher, John},
	booktitle={Proceedings of the Eighth International Joint Conference on 
	Natural Language Processing (Volume 1: Long Papers)},
	volume={1},
	pages={441--450},
	year={2017}
}

@phdthesis{ezeme2015multi,
	title={A Multi-domain Co-Simulator for Smart Grid: Modeling Interactions in 
	Power, Control and Communications},
	author={Ezeme, Mellitus Okwudili},
	year={2015},
	school={University of Toronto (Canada)}
}

@inproceedings{salem2016anomaly,
	title={Anomaly detection using inter-arrival curves for real-time systems},
	author={Salem, Mahmoud and Crowley, Mark and Fischmeister, Sebastian},
	booktitle={Real-Time Systems (ECRTS), 2016 28th Euromicro Conference on},
	pages={97--106},
	year={2016},
	organization={IEEE}
}

@inproceedings{chan2016listen,
	title={Listen, attend and spell: A neural network for large vocabulary 
	conversational speech recognition},
	author={Chan, William and Jaitly, Navdeep and Le, Quoc and Vinyals, Oriol},
	booktitle={Acoustics, Speech and Signal Processing (ICASSP), 2016 IEEE 
	International Conference on},
	pages={4960--4964},
	year={2016},
	organization={IEEE}
}

@article{chandola2009anomaly,
	title={Anomaly detection: A survey},
	author={Chandola, Varun and Banerjee, Arindam and Kumar, Vipin},
	journal={ACM computing surveys (CSUR)},
	volume={41},
	number={3},
	pages={15},
	year={2009},
	publisher={ACM}
}

@inproceedings{yu2016cloudseer,
	title={Cloudseer: Workflow monitoring of cloud infrastructures via 
	interleaved logs},
	author={Yu, Xiao and Joshi, Pallavi and Xu, Jianwu and Jin, Guoliang and 
	Zhang, Hui and Jiang, Guofei},
	booktitle={ACM SIGPLAN Notices},
	volume={51},
	number={4},
	pages={489--502},
	year={2016},
	organization={ACM}
}

@article{garcia2009anomaly,
	title={Anomaly-based network intrusion detection: Techniques, systems and 
	challenges},
	author={Garcia-Teodoro, Pedro and Diaz-Verdejo, J and 
	Maci{\'a}-Fern{\'a}ndez, Gabriel and V{\'a}zquez, Enrique},
	journal={computers \& security},
	volume={28},
	number={1-2},
	pages={18--28},
	year={2009},
	publisher={Elsevier}
}

@inproceedings{sumner2013comparative,
	title={Comparative causality: Explaining the differences between 
	executions},
	author={Sumner, William N and Zhang, Xiangyu},
	booktitle={Proceedings of the 2013 International Conference on Software 
	Engineering},
	pages={272--281},
	year={2013},
	organization={IEEE Press}
}

@inproceedings{siris2004application,
	title={Application of anomaly detection algorithms for detecting SYN 
	flooding attacks},
	author={Siris, Vasilios A and Papagalou, Fotini},
	booktitle={Global Telecommunications Conference, 2004. GLOBECOM'04. IEEE},
	volume={4},
	pages={2050--2054},
	year={2004},
	organization={IEEE}
}

@inproceedings{gu2005detecting,
	title={Detecting anomalies in network traffic using maximum entropy 
	estimation},
	author={Gu, Yu and McCallum, Andrew and Towsley, Don},
	booktitle={Proceedings of the 5th ACM SIGCOMM conference on Internet 
	Measurement},
	pages={32--32},
	year={2005},
	organization={USENIX Association}
}

@article{ye2003computer,
	title={Computer intrusion detection through EWMA for autocorrelated and 
	uncorrelated data},
	author={Ye, Nong and Vilbert, Sean and Chen, Qiang},
	journal={IEEE transactions on reliability},
	volume={52},
	number={1},
	pages={75--82},
	year={2003},
	publisher={IEEE}
}

@article{li2017locating,
	title={Locating software faults based on minimum debugging frontier set},
	author={Li, Feng and Li, Zhiyuan and Huo, Wei and Feng, Xiaobing},
	journal={IEEE Transactions on Software Engineering},
	volume={43},
	number={8},
	pages={760--776},
	year={2017},
	publisher={IEEE}
}

@article{bahdanau2014neural,
	title={Neural machine translation by jointly learning to align and 
	translate},
	author={Bahdanau, Dzmitry and Cho, Kyunghyun and Bengio, Yoshua},
	journal={arXiv preprint arXiv:1409.0473},
	year={2014}
}

@book{weldon2016future,
	title={The future X network: a Bell Labs perspective},
	author={Weldon, Marcus K},
	year={2016},
	publisher={CRC press}
}

@article{hochreiter1997long,
	title={Long short-term memory},
	author={Hochreiter, Sepp and Schmidhuber, J{\"u}rgen},
	journal={Neural computation},
	volume={9},
	number={8},
	pages={1735--1780},
	year={1997},
	publisher={MIT Press}
}

@inproceedings{ezeme2017imputation,
	title={An Imputation-based Augmented Anomaly Detection from Large Traces of 
	Operating System Events},
	author={Ezeme, Mellitus and Azim, Akramul and Mahmoud, Qusay H},
	booktitle={Proceedings of the Fourth IEEE/ACM International Conference on 
	Big Data Computing, Applications and Technologies},
	pages={43--52},
	year={2017},
	organization={ACM}
}

@article{brown2018recurrent,
	title={Recurrent Neural Network Attention Mechanisms for Interpretable 
	System Log Anomaly Detection},
	author={Brown, Andy and Tuor, Aaron and Hutchinson, Brian and Nichols, 
	Nicole},
	journal={arXiv preprint arXiv:1803.04967},
	year={2018}
} 

@inproceedings{zhang2016automated,
	title={Automated IT system failure prediction: A deep learning approach},
	author={Zhang, Ke and Xu, Jianwu and Min, Martin Renqiang and Jiang, Guofei 
	and Pelechrinis, Konstantinos and Zhang, Hui},
	booktitle={Big Data (Big Data), 2016 IEEE International Conference on},
	pages={1291--1300},
	year={2016},
	organization={IEEE}
}