%%% ====================================================================
%%%  BibTeX-file{
%%%     author          = "Gerry Murray",
%%%     version         = "1.2",
%%%     date            = "2 April 2012",
%%%     filename        = "acmsmall-sample-bibfile.bib",
%%%     address         = "ACM, NY",
%%%     email           = "murray at hq.acm.org",
%%%     codetable       = "ISO/ASCII",
%%%     keywords        = "ACM Reference Format, bibliography, citation, references",
%%%     supported       = "yes",
%%%     docstring       = "This BibTeX database file contains 'bibdata' entries
%%%                        that 'match' the examples provided in the Specifications Document
%%%                        AND, also, 'legacy'-type bibs. It should assist authors in
%%%                        choosing the 'correct' at-bibtype and necessary bib-fields
%%%                        so as to obtain the appropriate ACM Reference Format output.
%%%                        It also contains many 'Standard Abbreviations'. "
%%%  }
%%% ====================================================================

% Journals

% First the Full Name is given, then the abbreviation used in the AMS Math
% Reviews, with an indication if it could not be found there.
% Note the 2nd overwrites the 1st, so swap them if you want the full name.

 %{AMS}
 @String{AMSTrans = "American Mathematical Society Translations" }
 @String{AMSTrans = "Amer. Math. Soc. Transl." }
 @String{BullAMS = "Bulletin of the American Mathematical Society" }
 @String{BullAMS = "Bull. Amer. Math. Soc." }
 @String{ProcAMS = "Proceedings of the American Mathematical Society" }
 @String{ProcAMS = "Proc. Amer. Math. Soc." }
 @String{TransAMS = "Transactions of the American Mathematical Society" }
 @String{TransAMS = "Trans. Amer. Math. Soc." }

 %ACM
 @String{CACM = "Communications of the {ACM}" }
 @String{CACM = "Commun. {ACM}" }
 @String{CompServ = "Comput. Surveys" }
 @String{JACM = "J. ACM" }
 @String{ACMMathSoft = "{ACM} Transactions on Mathematical Software" }
 @String{ACMMathSoft = "{ACM} Trans. Math. Software" }
 @String{SIGNUM = "{ACM} {SIGNUM} Newsletter" }
 @String{SIGNUM = "{ACM} {SIGNUM} Newslett." }

 @String{AmerSocio = "American Journal of Sociology" }
 @String{AmerStatAssoc = "Journal of the American Statistical Association" }
 @String{AmerStatAssoc = "J. Amer. Statist. Assoc." }
 @String{ApplMathComp = "Applied Mathematics and Computation" }
 @String{ApplMathComp = "Appl. Math. Comput." }
 @String{AmerMathMonthly = "American Mathematical Monthly" }
 @String{AmerMathMonthly = "Amer. Math. Monthly" }
 @String{BIT = "{BIT}" }
 @String{BritStatPsych = "British Journal of Mathematical and Statistical
          Psychology" }
 @String{BritStatPsych = "Brit. J. Math. Statist. Psych." }
 @String{CanMathBull = "Canadian Mathematical Bulletin" }
 @String{CanMathBull = "Canad. Math. Bull." }
 @String{CompApplMath = "Journal of Computational and Applied Mathematics" }
 @String{CompApplMath = "J. Comput. Appl. Math." }
 @String{CompPhys = "Journal of Computational Physics" }
 @String{CompPhys = "J. Comput. Phys." }
 @String{CompStruct = "Computers and Structures" }
 @String{CompStruct = "Comput. \& Structures" }
 @String{CompJour = "The Computer Journal" }
 @String{CompJour = "Comput. J." }
 @String{CompSysSci = "Journal of Computer and System Sciences" }
 @String{CompSysSci = "J. Comput. System Sci." }
 @String{Computing = "Computing" }
 @String{ContempMath = "Contemporary Mathematics" }
 @String{ContempMath = "Contemp. Math." }
 @String{Crelle = "Crelle's Journal" }
 @String{GiornaleMath = "Giornale di Mathematiche" }
 @String{GiornaleMath = "Giorn. Mat." } % didn't find in AMS MR., ibid.

 %IEEE
 @String{Computer = "{IEEE} Computer" }
 @String{IEEETransComp = "{IEEE} Transactions on Computers" }
 @String{IEEETransComp = "{IEEE} Trans. Comput." }
 @String{IEEETransAC = "{IEEE} Transactions on Automatic Control" }
 @String{IEEETransAC = "{IEEE} Trans. Automat. Control" }
 @String{IEEESpec = "{IEEE} Spectrum" } % didn't find in AMS MR
 @String{ProcIEEE = "Proceedings of the {IEEE}" }
 @String{ProcIEEE = "Proc. {IEEE}" } % didn't find in AMS MR
 @String{IEEETransAeroElec = "{IEEE} Transactions on Aerospace and Electronic
     Systems" }
 @String{IEEETransAeroElec = "{IEEE} Trans. Aerospace Electron. Systems" }

 @String{IMANumerAna = "{IMA} Journal of Numerical Analysis" }
 @String{IMANumerAna = "{IMA} J. Numer. Anal." }
 @String{InfProcLet = "Information Processing Letters" }
 @String{InfProcLet = "Inform. Process. Lett." }
 @String{InstMathApp = "Journal of the Institute of Mathematics and
     its Applications" }
 @String{InstMathApp = "J. Inst. Math. Appl." }
 @String{IntControl = "International Journal of Control" }
 @String{IntControl = "Internat. J. Control" }
 @String{IntNumerEng = "International Journal for Numerical Methods in
     Engineering" }
 @String{IntNumerEng = "Internat. J. Numer. Methods Engrg." }
 @String{IntSuper = "International Journal of Supercomputing Applications" }
 @String{IntSuper = "Internat. J. Supercomputing Applic." } % didn't find
%% in AMS MR
 @String{Kibernetika = "Kibernetika" }
 @String{JResNatBurStand = "Journal of Research of the National Bureau
     of Standards" }
 @String{JResNatBurStand = "J. Res. Nat. Bur. Standards" }
 @String{LinAlgApp = "Linear Algebra and its Applications" }
 @String{LinAlgApp = "Linear Algebra Appl." }
 @String{MathAnaAppl = "Journal of Mathematical Analysis and Applications" }
 @String{MathAnaAppl = "J. Math. Anal. Appl." }
 @String{MathAnnalen = "Mathematische Annalen" }
 @String{MathAnnalen = "Math. Ann." }
 @String{MathPhys = "Journal of Mathematical Physics" }
 @String{MathPhys = "J. Math. Phys." }
 @String{MathComp = "Mathematics of Computation" }
 @String{MathComp = "Math. Comp." }
 @String{MathScand = "Mathematica Scandinavica" }
 @String{MathScand = "Math. Scand." }
 @String{TablesAidsComp = "Mathematical Tables and Other Aids to Computation" }
 @String{TablesAidsComp = "Math. Tables Aids Comput." }
 @String{NumerMath = "Numerische Mathematik" }
 @String{NumerMath = "Numer. Math." }
 @String{PacificMath = "Pacific Journal of Mathematics" }
 @String{PacificMath = "Pacific J. Math." }
 @String{ParDistComp = "Journal of Parallel and Distributed Computing" }
 @String{ParDistComp = "J. Parallel and Distrib. Comput." } % didn't find
%% in AMS MR
 @String{ParComputing = "Parallel Computing" }
 @String{ParComputing = "Parallel Comput." }
 @String{PhilMag = "Philosophical Magazine" }
 @String{PhilMag = "Philos. Mag." }
 @String{ProcNAS = "Proceedings of the National Academy of Sciences
                    of the USA" }
 @String{ProcNAS = "Proc. Nat. Acad. Sci. U. S. A." }
 @String{Psychometrika = "Psychometrika" }
 @String{QuartMath = "Quarterly Journal of Mathematics, Oxford, Series (2)" }
 @String{QuartMath = "Quart. J. Math. Oxford Ser. (2)" }
 @String{QuartApplMath = "Quarterly of Applied Mathematics" }
 @String{QuartApplMath = "Quart. Appl. Math." }
 @String{RevueInstStat = "Review of the International Statisical Institute" }
 @String{RevueInstStat = "Rev. Inst. Internat. Statist." }

 %SIAM
 @String{JSIAM = "Journal of the Society for Industrial and Applied
     Mathematics" }
 @String{JSIAM = "J. Soc. Indust. Appl. Math." }
 @String{JSIAMB = "Journal of the Society for Industrial and Applied
     Mathematics, Series B, Numerical Analysis" }
 @String{JSIAMB = "J. Soc. Indust. Appl. Math. Ser. B Numer. Anal." }
 @String{SIAMAlgMeth = "{SIAM} Journal on Algebraic and Discrete Methods" }
 @String{SIAMAlgMeth = "{SIAM} J. Algebraic Discrete Methods" }
 @String{SIAMAppMath = "{SIAM} Journal on Applied Mathematics" }
 @String{SIAMAppMath = "{SIAM} J. Appl. Math." }
 @String{SIAMComp = "{SIAM} Journal on Computing" }
 @String{SIAMComp = "{SIAM} J. Comput." }
 @String{SIAMMatrix = "{SIAM} Journal on Matrix Analysis and Applications" }
 @String{SIAMMatrix = "{SIAM} J. Matrix Anal. Appl." }
 @String{SIAMNumAnal = "{SIAM} Journal on Numerical Analysis" }
 @String{SIAMNumAnal = "{SIAM} J. Numer. Anal." }
 @String{SIAMReview = "{SIAM} Review" }
 @String{SIAMReview = "{SIAM} Rev." }
 @String{SIAMSciStat = "{SIAM} Journal on Scientific and Statistical
     Computing" }
 @String{SIAMSciStat = "{SIAM} J. Sci. Statist. Comput." }

 @String{SoftPracExp = "Software Practice and Experience" }
 @String{SoftPracExp = "Software Prac. Experience" } % didn't find in AMS MR
 @String{StatScience = "Statistical Science" }
 @String{StatScience = "Statist. Sci." }
 @String{Techno = "Technometrics" }
 @String{USSRCompMathPhys = "{USSR} Computational Mathematics and Mathematical
     Physics" }
 @String{USSRCompMathPhys = "{U. S. S. R.} Comput. Math. and Math. Phys." }
 @String{VLSICompSys = "Journal of {VLSI} and Computer Systems" }
 @String{VLSICompSys = "J. {VLSI} Comput. Syst." }
 @String{ZAngewMathMech = "Zeitschrift fur Angewandte Mathematik und
     Mechanik" }
 @String{ZAngewMathMech = "Z. Angew. Math. Mech." }
 @String{ZAngewMathPhys = "Zeitschrift fur Angewandte Mathematik und Physik" }
 @String{ZAngewMathPhys = "Z. Angew. Math. Phys." }

% Publishers % ================================================= |

 @String{Academic = "Academic Press" }
 @String{ACMPress = "{ACM} Press" }
 @String{AdamHilger = "Adam Hilger" }
 @String{AddisonWesley = "Addison-Wesley" }
 @String{AllynBacon = "Allyn and Bacon" }
 @String{AMS = "American Mathematical Society" }
 @String{Birkhauser = "Birkha{\"u}ser" }
 @String{CambridgePress = "Cambridge University Press" }
 @String{Chelsea = "Chelsea" }
 @String{ClaredonPress = "Claredon Press" }
 @String{DoverPub = "Dover Publications" }
 @String{Eyolles = "Eyolles" }
 @String{HoltRinehartWinston = "Holt, Rinehart and Winston" }
 @String{Interscience = "Interscience" }
 @String{JohnsHopkinsPress = "The Johns Hopkins University Press" }
 @String{JohnWileySons = "John Wiley and Sons" }
 @String{Macmillan = "Macmillan" }
 @String{MathWorks = "The Math Works Inc." }
 @String{McGrawHill = "McGraw-Hill" }
 @String{NatBurStd = "National Bureau of Standards" }
 @String{NorthHolland = "North-Holland" }
 @String{OxfordPress = "Oxford University Press" }  %address Oxford or London?
 @String{PergamonPress = "Pergamon Press" }
 @String{PlenumPress = "Plenum Press" }
 @String{PrenticeHall = "Prentice-Hall" }
 @String{SIAMPub = "{SIAM} Publications" }
 @String{Springer = "Springer-Verlag" }
 @String{TexasPress = "University of Texas Press" }
 @String{VanNostrand = "Van Nostrand" }
 @String{WHFreeman = "W. H. Freeman and Co." }

%Entries
@article{werbos1990backpropagation,
	title={Backpropagation through time: what it does and how to do it},
	author={Werbos, Paul J},
	journal={Proceedings of the IEEE},
	volume={78},
	number={10},
	pages={1550--1560},
	year={1990},
	publisher={IEEE}
}

@misc{chollet2015keras,
	title={Keras},
	author={Chollet, Fran\c{c}ois and others},
	year={2015},
	howpublished={\url{https://keras.io}},
}

@inproceedings{bell2006introduction,
	title={Introduction to IEC 61508},
	author={Bell, Ron},
	booktitle={Proceedings of the 10th Australian workshop on Safety critical 
	systems and software-Volume 55},
	pages={3--12},
	year={2006},
	organization={Australian Computer Society, Inc.}
}

@inproceedings{EzemeDeapAnom,
	title={DeepAnom: An Ensemble Deep Framework for Anomaly Detection in  
	System Processes},
	author={Ezeme, Okwudili M. and Mahmoud, Qusay and Azim, Akramul},
	booktitle={Advances in Artificial Intelligence: 32nd Canadian Conference on 
	Artificial Intelligence, Canadian AI 2019, Kingston, ON, Canada, May 
	28--31, 
	2019, Proceedings 32},
	pages={Accepted},
	year={2019},
	organization={Springer}
}


@ARTICLE{EzemeAccess, 
	author={O. M. {Ezeme} and Q. H. {Mahmoud} and A. {Azim}}, 
	journal={IEEE Access}, 
	title={DReAM: Deep Recursive Attentive Model for Anomaly Detection in 
	Kernel Events}, 
	year={2019}, 
	volume={7}, 
	number={}, 
	pages={18860-18870},  
	doi={10.1109/ACCESS.2019.2897122}, 
	ISSN={2169-3536}
}

@book{Akgul:ZEROMQ,
	author = {Akgul, Faruk},
	title = {ZeroMQ},
	year = {2013},
	isbn = {178216104X, 9781782161042},
	publisher = {Packt Publishing},
} 

@inproceedings{du2017deeplog,
	title={DeepLog: Anomaly Detection and Diagnosis from System Logs through 
	Deep 
	Learning},
	author={Du, Min and Li, Feifei and Zheng, Guineng and Srikumar, Vivek},
	booktitle={Proceedings of the 2017 ACM SIGSAC Conference on Computer and 
	Communications Security},
	pages={1285--1298},
	year={2017},
	organization={ACM}
}

@article{malhotra2016lstm,
	title={LSTM-based encoder-decoder for multi-sensor anomaly detection},
	author={Malhotra, Pankaj and Ramakrishnan, Anusha and Anand, Gaurangi and 
	Vig, Lovekesh and Agarwal, Puneet and Shroff, Gautam},
	journal={arXiv preprint arXiv:1607.00148},
	year={2016}
}

@inproceedings{yang2016hierarchical,
	title={Hierarchical attention networks for document classification},
	author={Yang, Zichao and Yang, Diyi and Dyer, Chris and He, Xiaodong and 
	Smola, Alex and Hovy, Eduard},
	booktitle={Proceedings of the 2016 Conference of the North American Chapter 
	of the Association for Computational Linguistics: Human Language 
	Technologies},
	pages={1480--1489},
	year={2016}
}

@article{mikolov2013efficient,
	title={Efficient estimation of word representations in vector space},
	author={Mikolov, Tomas and Chen, Kai and Corrado, Greg and Dean, Jeffrey},
	journal={In Proceedings of Workshop at ICLR},
	year={2013}
}

@inproceedings{sutskever2014sequence,
	title={Sequence to sequence learning with neural networks},
	author={Sutskever, Ilya and Vinyals, Oriol and Le, Quoc V},
	booktitle={Advances in neural information processing systems},
	pages={3104--3112},
	year={2014}
}

@inproceedings{Ezeme2018RTCSA,
	title={Hierarchical Attention-Based Anomaly Detection Model for Embedded 
	Operating Systems},
	author={Ezeme, Mellitus Okwudili and Mahmoud, Qusay H and Azim, Akramul},
	booktitle={In 24th IEEE International Conference on Embedded and Real-Time 
	Computing Systems and Applications (RTCSA)},
	year={2018},
	publisher={IEEE}
}
@inproceedings{yoon2017learning,
	title={Learning execution contexts from system call distribution for 
	anomaly detection in smart embedded system},
	author={Yoon, Man-Ki and Mohan, Sibin and Choi, Jaesik and Christodorescu, 
	Mihai and Sha, Lui},
	booktitle={Proceedings of the Second International Conference on 
	Internet-of-Things Design and Implementation},
	pages={191--196},
	year={2017},
	organization={ACM}
}

@article{kingma2014adam,
	title={Adam: A method for stochastic optimization},
	author={Kingma, Diederik P and Ba, Jimmy},
	journal={arXiv preprint arXiv:1412.6980},
	year={2014}
}

@inproceedings{malhotra2015long,
	title={Long short term memory networks for anomaly detection in time 
	series},
	author={Malhotra, Pankaj and Vig, Lovekesh and Shroff, Gautam and Agarwal, 
	Puneet},
	booktitle={Proceedings},
	pages={89},
	year={2015},
	organization={Presses universitaires de Louvain}
}

@article{xu2009largescale,
	title={Largescale system problem detection by mining console logs},
	author={Xu, Wei and Huang, Ling and Fox, Armando and Patterson, David and 
	Jordan, Michael},
	journal={Proceedings of SOSP’09},
	year={2009}
}

@inproceedings{salton2017attentive,
	title={Attentive Language Models},
	author={Salton, Giancarlo and Ross, Robert and Kelleher, John},
	booktitle={Proceedings of the Eighth International Joint Conference on 
	Natural Language Processing (Volume 1: Long Papers)},
	volume={1},
	pages={441--450},
	year={2017}
}

@phdthesis{ezeme2015multi,
	title={A Multi-domain Co-Simulator for Smart Grid: Modeling Interactions in 
	Power, Control and Communications},
	author={Ezeme, Mellitus Okwudili},
	year={2015},
	school={University of Toronto (Canada)}
}

@inproceedings{salem2016anomaly,
	title={Anomaly detection using inter-arrival curves for real-time systems},
	author={Salem, Mahmoud and Crowley, Mark and Fischmeister, Sebastian},
	booktitle={Real-Time Systems (ECRTS), 2016 28th Euromicro Conference on},
	pages={97--106},
	year={2016},
	organization={IEEE}
}

@inproceedings{chan2016listen,
	title={Listen, attend and spell: A neural network for large vocabulary 
	conversational speech recognition},
	author={Chan, William and Jaitly, Navdeep and Le, Quoc and Vinyals, Oriol},
	booktitle={Acoustics, Speech and Signal Processing (ICASSP), 2016 IEEE 
	International Conference on},
	pages={4960--4964},
	year={2016},
	organization={IEEE}
}

@article{chandola2009anomaly,
	title={Anomaly detection: A survey},
	author={Chandola, Varun and Banerjee, Arindam and Kumar, Vipin},
	journal={ACM computing surveys (CSUR)},
	volume={41},
	number={3},
	pages={15},
	year={2009},
	publisher={ACM}
}

@inproceedings{yu2016cloudseer,
	title={Cloudseer: Workflow monitoring of cloud infrastructures via 
	interleaved logs},
	author={Yu, Xiao and Joshi, Pallavi and Xu, Jianwu and Jin, Guoliang and 
	Zhang, Hui and Jiang, Guofei},
	booktitle={ACM SIGPLAN Notices},
	volume={51},
	number={4},
	pages={489--502},
	year={2016},
	organization={ACM}
}

@article{garcia2009anomaly,
	title={Anomaly-based network intrusion detection: Techniques, systems and 
	challenges},
	author={Garcia-Teodoro, Pedro and Diaz-Verdejo, J and 
	Maci{\'a}-Fern{\'a}ndez, Gabriel and V{\'a}zquez, Enrique},
	journal={computers \& security},
	volume={28},
	number={1-2},
	pages={18--28},
	year={2009},
	publisher={Elsevier}
}

@inproceedings{sumner2013comparative,
	title={Comparative causality: Explaining the differences between 
	executions},
	author={Sumner, William N and Zhang, Xiangyu},
	booktitle={Proceedings of the 2013 International Conference on Software 
	Engineering},
	pages={272--281},
	year={2013},
	organization={IEEE Press}
}

@inproceedings{siris2004application,
	title={Application of anomaly detection algorithms for detecting SYN 
	flooding attacks},
	author={Siris, Vasilios A and Papagalou, Fotini},
	booktitle={Global Telecommunications Conference, 2004. GLOBECOM'04. IEEE},
	volume={4},
	pages={2050--2054},
	year={2004},
	organization={IEEE}
}

@inproceedings{gu2005detecting,
	title={Detecting anomalies in network traffic using maximum entropy 
	estimation},
	author={Gu, Yu and McCallum, Andrew and Towsley, Don},
	booktitle={Proceedings of the 5th ACM SIGCOMM conference on Internet 
	Measurement},
	pages={32--32},
	year={2005},
	organization={USENIX Association}
}

@article{ye2003computer,
	title={Computer intrusion detection through EWMA for autocorrelated and 
	uncorrelated data},
	author={Ye, Nong and Vilbert, Sean and Chen, Qiang},
	journal={IEEE transactions on reliability},
	volume={52},
	number={1},
	pages={75--82},
	year={2003},
	publisher={IEEE}
}

@article{li2017locating,
	title={Locating software faults based on minimum debugging frontier set},
	author={Li, Feng and Li, Zhiyuan and Huo, Wei and Feng, Xiaobing},
	journal={IEEE Transactions on Software Engineering},
	volume={43},
	number={8},
	pages={760--776},
	year={2017},
	publisher={IEEE}
}

@article{bahdanau2014neural,
	title={Neural machine translation by jointly learning to align and 
	translate},
	author={Bahdanau, Dzmitry and Cho, Kyunghyun and Bengio, Yoshua},
	journal={arXiv preprint arXiv:1409.0473},
	year={2014}
}

@book{weldon2016future,
	title={The future X network: a Bell Labs perspective},
	author={Weldon, Marcus K},
	year={2016},
	publisher={CRC press}
}

@article{hochreiter1997long,
	title={Long short-term memory},
	author={Hochreiter, Sepp and Schmidhuber, J{\"u}rgen},
	journal={Neural computation},
	volume={9},
	number={8},
	pages={1735--1780},
	year={1997},
	publisher={MIT Press}
}

@inproceedings{Ezeme2017,
	title={An Imputation-based Augmented Anomaly Detection from Large Traces of 
	Operating System Events},
	author={Ezeme, Mellitus and Azim, Akramul and Mahmoud, Qusay H},
	booktitle={Proceedings of the Fourth IEEE/ACM International Conference on 
	Big Data Computing, Applications and Technologies},
	pages={43--52},
	year={2017},
	organization={ACM}
}

@article{brown2018recurrent,
	title={Recurrent Neural Network Attention Mechanisms for Interpretable 
	System Log Anomaly Detection},
	author={Brown, Andy and Tuor, Aaron and Hutchinson, Brian and Nichols, 
	Nicole},
	journal={arXiv preprint arXiv:1803.04967},
	year={2018}
} 

@inproceedings{zhang2016automated,
	title={Automated IT system failure prediction: A deep learning approach},
	author={Zhang, Ke and Xu, Jianwu and Min, Martin Renqiang and Jiang, Guofei 
	and Pelechrinis, Konstantinos and Zhang, Hui},
	booktitle={Big Data (Big Data), 2016 IEEE International Conference on},
	pages={1291--1300},
	year={2016},
	organization={IEEE}
}